<?xml version="1.0" encoding="UTF-8"?><collection xmlns="http://www.loc.gov/MARC21/slim"><record><leader>00507nam--2200169-i-4500</leader><controlfield tag="001">000041312</controlfield><controlfield tag="002">20161230</controlfield><controlfield tag="005">20161230201043</controlfield><controlfield tag="008">060222s1000------------r-----000-0-eng-d</controlfield><datafield ind1=" " ind2=" " tag="040"><subfield code="a">IFIN-HH</subfield></datafield><datafield ind1=" " ind2=" " tag="080"><subfield code="a">536.4</subfield></datafield><datafield ind1="1" ind2=" " tag="100"><subfield code="a">Sestak,Jaroslav</subfield></datafield><datafield ind1="1" ind2="0" tag="245"><subfield code="a">Thermophysical properties of solids</subfield><subfield code="b">Their measurements and theoretical thermal analysis</subfield><subfield code="c">Jaroslav sestak</subfield></datafield><datafield ind1=" " ind2=" " tag="260"><subfield code="a">Prague</subfield><subfield code="b">Czechoslovak Academy Of Sciences</subfield><subfield code="c">1984</subfield></datafield><datafield ind1=" " ind2=" " tag="300"><subfield code="a">XIX + 440 P</subfield></datafield><datafield ind1=" " ind2=" " tag="852"><subfield code="a">72919</subfield><subfield code="c">536.7</subfield></datafield><datafield ind1=" " ind2=" " tag="CAT"><subfield code="a">Sys</subfield><subfield code="c">20110601</subfield><subfield code="h">153014</subfield></datafield></record></collection>